
  <record>
    <leader>00665nam  22002298a 4500</leader>
    <controlfield tag="001">fol05865950 </controlfield>
    <controlfield tag="003">IMchF</controlfield>
    <controlfield tag="005">20000615103017.0</controlfield>
    <controlfield tag="008">000612s2000    mau           100 0 eng  </controlfield>
    <datafield tag="010" ind1=" " ind2=" ">
      <subfield code="a">   00055759 </subfield>
    </datafield>
    <datafield tag="020" ind1=" " ind2=" ">
      <subfield code="a">0596000138</subfield>
    </datafield>
    <datafield tag="040" ind1=" " ind2=" ">
      <subfield code="a">DLC</subfield>
      <subfield code="c">DLC</subfield>
    </datafield>
    <datafield tag="042" ind1=" " ind2=" ">
      <subfield code="a">pcc</subfield>
    </datafield>
    <datafield tag="050" ind1="0" ind2="0">
      <subfield code="a">QA76.73.P22</subfield>
      <subfield code="b">P475 2000</subfield>
    </datafield>
    <datafield tag="082" ind1="0" ind2="0">
      <subfield code="a">005.13/3</subfield>
      <subfield code="2">21</subfield>
    </datafield>
    <datafield tag="111" ind1="2" ind2=" ">
      <subfield code="a">Perl Conference 4.0</subfield>
      <subfield code="d">(2000 :</subfield>
      <subfield code="c">Monterey, Calif.)</subfield>
    </datafield>
    <datafield tag="245" ind1="1" ind2="0">
      <subfield code="a">Proceedings of the Perl Conference 4.0 :</subfield>
      <subfield code="b">July 17-20, 2000, Monterey, California.</subfield>
    </datafield>
    <datafield tag="250" ind1=" " ind2=" ">
      <subfield code="a">1st ed.</subfield>
    </datafield>
    <datafield tag="260" ind1=" " ind2=" ">
      <subfield code="a">Cambridge, Mass. :</subfield>
      <subfield code="b">O'Reilly,</subfield>
      <subfield code="c">2000.</subfield>
    </datafield>
    <datafield tag="263" ind1=" " ind2=" ">
      <subfield code="a">0006</subfield>
    </datafield>
    <datafield tag="300" ind1=" " ind2=" ">
      <subfield code="a">p. cm.</subfield>
    </datafield>
    <datafield tag="650" ind1=" " ind2="0">
      <subfield code="a">Perl (Computer program language)</subfield>
      <subfield code="v">Congresses.</subfield>
    </datafield>
  </record>