
  <record>
    <leader>00579nam  22002178a 4500</leader>
    <controlfield tag="001">fol05865956 </controlfield>
    <controlfield tag="003">IMchF</controlfield>
    <controlfield tag="005">20000615102948.0</controlfield>
    <controlfield tag="008">000612s2000    mau           000 0 eng  </controlfield>
    <datafield tag="010" ind1=" " ind2=" ">
      <subfield code="a">   00055770 </subfield>
    </datafield>
    <datafield tag="020" ind1=" " ind2=" ">
      <subfield code="a">1565926099</subfield>
    </datafield>
    <datafield tag="040" ind1=" " ind2=" ">
      <subfield code="a">DLC</subfield>
      <subfield code="c">DLC</subfield>
    </datafield>
    <datafield tag="042" ind1=" " ind2=" ">
      <subfield code="a">pcc</subfield>
    </datafield>
    <datafield tag="050" ind1="0" ind2="0">
      <subfield code="a">QA76.73.P22</subfield>
      <subfield code="b">B43 2000</subfield>
    </datafield>
    <datafield tag="082" ind1="0" ind2="0">
      <subfield code="a">005.13/3</subfield>
      <subfield code="2">21</subfield>
    </datafield>
    <datafield tag="100" ind1="1" ind2=" ">
      <subfield code="a">Blank-Edelman, David N.</subfield>
    </datafield>
    <datafield tag="245" ind1="1" ind2="0">
      <subfield code="a">Perl for system administration /</subfield>
      <subfield code="c">David N. Blank-Edelman.</subfield>
    </datafield>
    <datafield tag="260" ind1=" " ind2=" ">
      <subfield code="a">Cambridge, Mass. :</subfield>
      <subfield code="b">O'Reilly,</subfield>
      <subfield code="c">2000.</subfield>
    </datafield>
    <datafield tag="263" ind1=" " ind2=" ">
      <subfield code="a">0006</subfield>
    </datafield>
    <datafield tag="300" ind1=" " ind2=" ">
      <subfield code="a">p. cm.</subfield>
    </datafield>
    <datafield tag="650" ind1=" " ind2="0">
      <subfield code="a">Perl (Computer program language)</subfield>
    </datafield>
  </record>